<record><leader>00000cas a22000007a 4500</leader><controlfield tag="001">8505328</controlfield><controlfield tag="008">820609c19639999ctudr ne      0   a0eng c</controlfield><datafield ind1=" " ind2=" " tag="010"><subfield code="a">sn 89007007 </subfield><subfield code="z">sn 92051120 </subfield></datafield><datafield ind1=" " ind2=" " tag="040"><subfield code="a">CZL</subfield><subfield code="b">eng</subfield><subfield code="c">CZL</subfield><subfield code="d">NSD</subfield><subfield code="d">DLC</subfield><subfield code="d">OCL</subfield><subfield code="d">CNW</subfield><subfield code="d">DLC</subfield><subfield code="d">OCLCQ</subfield><subfield code="d">OCLCF</subfield><subfield code="d">OCLCO</subfield></datafield><datafield ind1=" " ind2=" " tag="012"><subfield code="j">0</subfield><subfield code="m">1</subfield></datafield><datafield ind1=" " ind2=" " tag="019"><subfield code="a">25153637</subfield></datafield><datafield ind1="1" ind2=" " tag="022"><subfield code="a">1044-4106</subfield><subfield code="l">1044-4106</subfield><subfield code="2">1</subfield></datafield><datafield ind1="1" ind2=" " tag="029"><subfield code="a">AU@</subfield><subfield code="b">000020567759</subfield></datafield><datafield ind1=" " ind2=" " tag="032"><subfield code="a">001260</subfield><subfield code="b">USPS</subfield></datafield><datafield ind1=" " ind2=" " tag="037"><subfield code="b">Danbury Pub. Co., 333 Main St., Danbury, CT 06810</subfield></datafield><datafield ind1=" " ind2=" " tag="042"><subfield code="a">nsdp</subfield><subfield code="a">pcc</subfield></datafield><datafield ind1=" " ind2=" " tag="043"><subfield code="a">n-us-ct</subfield></datafield><datafield ind1="0" ind2="0" tag="050"><subfield code="a">Newspaper</subfield></datafield><datafield ind1="0" ind2=" " tag="130"><subfield code="a">News-times (Danbury, Conn.)</subfield></datafield><datafield ind1=" " ind2="4" tag="222"><subfield code="a">The news-times</subfield><subfield code="b">(Danbury, Conn.)</subfield></datafield><datafield ind1="0" ind2="4" tag="245"><subfield code="a">The news-times.</subfield></datafield><datafield ind1="0" ind2="0" tag="246"><subfield code="a">News times</subfield></datafield><datafield ind1="0" ind2="0" tag="246"><subfield code="a">New news-times</subfield></datafield><datafield ind1="1" ind2="0" tag="246"><subfield code="a">Sunday, news-times</subfield></datafield><datafield ind1=" " ind2=" " tag="260"><subfield code="a">Danbury, CT :</subfield><subfield code="b">Danbury Pub. Co.,</subfield></datafield><datafield ind1=" " ind2=" " tag="300"><subfield code="a">v.</subfield></datafield><datafield ind1=" " ind2=" " tag="310"><subfield code="a">Daily</subfield><subfield code="b">Sept. 19, 1972-</subfield></datafield><datafield ind1=" " ind2=" " tag="321"><subfield code="a">Daily (except Sunday)</subfield><subfield code="b">1963-Sept. 18, 1972</subfield></datafield><datafield ind1="0" ind2=" " tag="362"><subfield code="a">Vol. 80, no. 236 (Oct. 7, 1963)-</subfield></datafield><datafield ind1=" " ind2=" " tag="500"><subfield code="a">Sunday issues called: Sunday news-times, Sept. 1972-</subfield></datafield><datafield ind1=" " ind2=" " tag="500"><subfield code="a">Published as: The new news-times, Jan. 19, 1970.</subfield></datafield><datafield ind1=" " ind2=" " tag="500"><subfield code="a">Articles selectively issued in CD-ROM version by Newsbank, 1993- and as part of: Newsbank News File, and on microfiche as part of: Newsbank Reference Services.</subfield></datafield><datafield ind1=" " ind2=" " tag="530"><subfield code="a">Available on microfilm from New England Micrographics, Marlboro, Mass.</subfield></datafield><datafield ind1=" " ind2="0" tag="651"><subfield code="a">Danbury (Conn.)</subfield><subfield code="v">Newspapers.</subfield></datafield><datafield ind1=" " ind2="7" tag="655"><subfield code="a">Newspapers.</subfield><subfield code="2">fast</subfield><subfield code="0">(OCoLC)fst01423814</subfield></datafield><datafield ind1=" " ind2="7" tag="651"><subfield code="a">Connecticut</subfield><subfield code="z">Danbury.</subfield><subfield code="2">fast</subfield><subfield code="0">(OCoLC)fst01208883</subfield></datafield><datafield ind1=" " ind2=" " tag="752"><subfield code="a">United States</subfield><subfield code="b">Connecticut</subfield><subfield code="c">Fairfield</subfield><subfield code="d">Danbury.</subfield></datafield><datafield ind1="0" ind2="0" tag="780"><subfield code="t">Danbury news-times (Danbury, Conn. : Daily)</subfield><subfield code="w">(DLC)sn 92051119</subfield><subfield code="w">(OCoLC)25153622</subfield></datafield><datafield ind1=" " ind2=" " tag="936"><subfield code="a">V. 116, no. 59 (Feb. 29, 1999) LIC</subfield></datafield></record>